@inproceedings{liu2015dynamic,
  title={Dynamic walking in a humanoid robot based on a 3D actuated Dual-SLIP model},
  author={Liu, Yiping and Wensing, Patrick M and Orin, David E and Zheng, Yuan F},
  booktitle={2015 IEEE International Conference on Robotics and Automation (ICRA)},
  pages={5710--5717},
  year={2015},
  organization={IEEE}
}


